@misc{cosmic_ray,
  title        = {宇宙線を目で見よう スパークチェンバーの製作},
  howpublished = {\url{https://www2.kek.jp/ksc/2nd_2008/gaiyou/sc08/gaiyoufiles/02_text.pdf}}
}

@article{myThesisTest1,
  title     = {My thesis},
  author    = {me},
  publisher = {My publisher},
  year      = {1994},
  edition   = {1}
}
@book{myThesisTest2,
  title     = {オレの本},
  author    = {オレ},
  publisher = {オレ出版},
  year      = {1994},
  month     = {8}
}
@misc{myWebsite,
  title        = {オレのウェブサイト},
  howpublished = {\url{https://mzks.github.io}}
}
